@article{VanDoorn2015,
  title={Constructing the Propositional Truncation using Non-recursive HITs},
  author={van Doorn, Floris},
  journal={arXiv preprint arXiv:1512.02274},
  year={2015}
}
                  
@inproceedings{Altenkirch2011,
  author = {Altenkirch, Thorsten and Morris, Peter and Nordvall Forsberg, Fredrik
	and Setzer, Anton},
  title = {A categorical semantics for inductive-inductive definitions},
  booktitle = {CALCO 2011},
  year = {2011},
  editor = {Corradini, Andrea and Klin, Bartek and Cirstea, Corina},
  series = {Lecture Notes in Computer Science},
  volume = {6859},
  pages = {70 -- 84},
  publisher = {Springer, Heidelberg}
}

@article{VanDenBerg2008,
  title={Types are weak omega-groupoids},
  author={Berg, Benno van den and Garner, Richard},
  journal={arXiv preprint arXiv:0812.0298},
  year={2008}
}
                  
@article{Abbott2005,
  title={Containers: constructing strictly positive types},
  author={Abbott, Michael and Altenkirch, Thorsten and Ghani, Neil},
  journal={Theoretical Computer Science},
  volume={342},
  number={1},
  pages={3--27},
  year={2005},
  publisher={Elsevier}
}

@book{UFP2013,
  author =    {The {Univalent Foundations Program}},
  title =     {Homotopy Type Theory: Univalent Foundations of Mathematics},
  publisher = {\url{http://homotopytypetheory.org/book}},
  address =   {Institute for Advanced Study},
  year =      {2013}
}

@online{Capriotti2014,
  title={Mutual and Higher Inductive Types in Homotopy Type Theory},
  author={Capriotti, Paolo},
  date={2014-08},
  url={http://www.cs.nott.ac.uk/~psxpc2/away-day-2014/mhit.pdf}
}  
